<?xml version="1.0" encoding="UTF-8"?><collection xmlns="http://www.loc.gov/MARC21/slim"><record><leader>00357nam--2200133-i-4500</leader><controlfield tag="001">000028842</controlfield><controlfield tag="002">20161230</controlfield><controlfield tag="005">20161230201037</controlfield><controlfield tag="008">060222s1000------------r-----000-0-eng-d</controlfield><datafield ind1=" " ind2=" " tag="100"><subfield code="a">Laporte, Francois Et Uzac, Roger</subfield></datafield><datafield ind1=" " ind2=" " tag="245"><subfield code="a">Les plastiques armes</subfield></datafield><datafield ind1=" " ind2=" " tag="260"><subfield code="a">Paris, Du,Nod, 1957, Xxiv + 335p</subfield></datafield><datafield ind1=" " ind2=" " tag="490"><subfield code="a">Materiaux De Synthese - Collection</subfield></datafield><datafield ind1=" " ind2=" " tag="852"><subfield code="a">13531</subfield></datafield></record></collection>